<?xml version="1.0" encoding="UTF-8"?><record xmlns="http://www.loc.gov/MARC21/slim" xmlns:cinclude="http://apache.org/cocoon/include/1.0" xmlns:zs="http://www.loc.gov/zing/srw/">
  <leader>00453cz  a2200133n  4500</leader>
  <controlfield tag="001">n  91095777 </controlfield>
  <controlfield tag="003">DLC</controlfield>
  <controlfield tag="005">19910923141509.2</controlfield>
  <controlfield tag="008">910919n| acannaab|          |a aaa |||  </controlfield>
  <datafield tag="010" ind1=" " ind2=" ">
    <subfield code="a">n  91095777 </subfield>
  </datafield>
  <datafield tag="040" ind1=" " ind2=" ">
    <subfield code="a">DLC</subfield>
    <subfield code="c">DLC</subfield>
    <subfield code="d">DLC</subfield>
  </datafield>
  <datafield tag="100" ind1="1" ind2="0">
    <subfield code="a">Zazulin, I. P.</subfield>
    <subfield code="q">(Ivan Petrovich).</subfield>
    <subfield code="t">Vo dni detstva Ioanna Groznogo</subfield>
  </datafield>
  <datafield tag="400" ind1="1" ind2="0">
    <subfield code="a">Zazulin, I. P.</subfield>
    <subfield code="q">(Ivan Petrovich).</subfield>
    <subfield code="t">Vo dni di︠e︡tstva Īoanna Groznago</subfield>
  </datafield>
  <datafield tag="670" ind1=" " ind2=" ">
    <subfield code="a">His Vo dni di︠e︡tstva Īoanna Groznago [MI], 1889.</subfield>
  </datafield>
</record>